@comment{This file has been generated by Pybliographer}


@Misc{pm,
  Author         = {{Bartholom\"aus Dedersen}},
  Title          = {Poor {M}an's {EEG} {M}easurement for {C}ontrolling
                   {G}ames},
  month          = aug,
  year           = 2011
}

@MISC{bitcoin,
    author = {Satoshi Nakamoto},
    title = {Bitcoin: A peer-to-peer electronic cash system‚Äù },
    howpublished = {\url{http://bitcoin.org/bitcoin.pdf}},
    note = {Accessed: 31.1.2013},
    year = {}
}
@TechReport{Chong,
  Author         = {Chee-Yee Chong and Srikanta P. Kumar},
  Title          = {Sensor Networks: Evolution, Opportunities, and
                   Challenges},
  Note           = {\url{http://www.ics.uci.edu/~dsm/ics280sensor/readings/intro/chong.pdf}},
  publisher      = {University of California, Irvine},
  year           = 2003
}
@misc{pynew,
  title = {{Pygame} Newbieguide},
  howpublished = {\url{http://www.pygame.org/docs/tut/newbieguide.html}},
  note = {Accessed: 31.1.2013}
}
@article{pybrain2010jmlr,
    Author = {Schaul, Tom and Bayer, Justin and Wierstra, Daan and Sun, Yi and 
              Felder, Martin and Sehnke, Frank and R{\"u}ckstie{\ss}, Thomas and Schmidhuber, J{\"u}rgen},
    Journal = {Journal of Machine Learning Research},
    Pages = {743--746},
    Title = {{PyBrain}},
    Volume = {11},
    Year = {2010}}
